@article{DBLP:journals/corr/BlomerB13,
  author    = {Johannes Bl{\"{o}}mer and
               Kathrin Bujna},
  title     = {Simple Methods for Initializing the {EM} Algorithm for Gaussian Mixture
               Models},
  journal   = {CoRR},
  volume    = {abs/1312.5946},
  year      = {2013},
  url       = {http://arxiv.org/abs/1312.5946},
  timestamp = {Mon, 06 Jan 2014 15:10:41 +0100},
  biburl    = {http://dblp.uni-trier.de/rec/bib/journals/corr/BlomerB13},
  bibsource = {dblp computer science bibliography, http://dblp.org}
}

